<?xml version="1.0" encoding="UTF-8"?>
<record xmlns="http://www.loc.gov/MARC21/slim" xmlns:xsi="http://www.w3.org/2001/XMLSchema-instance" xsi:schemaLocation="http://www.loc.gov/MARC21/slim http://www.loc.gov/standards/marcxml/schema/MARC21slim.xsd">
<leader>     nam a22003011a 4500</leader>
<controlfield tag="001">001676858</controlfield>
<controlfield tag="003">NNU</controlfield>
<controlfield tag="005">20061010173152.0</controlfield>
<controlfield tag="008">000718s1938    ua            000 0 ara d</controlfield>
<datafield tag="035" ind1="9" ind2=" ">
<subfield code="a">NYUb12220222</subfield>
</datafield>
<datafield tag="035" ind1=" " ind2=" ">
<subfield code="a">(NNU)NYUb12220222</subfield>
</datafield>
<datafield tag="040" ind1=" " ind2=" ">
<subfield code="a">CtY</subfield>
<subfield code="c">CtY</subfield>
</datafield>
<datafield tag="066" ind1=" " ind2=" ">
<subfield code="c">(3</subfield>
</datafield>
<datafield tag="090" ind1=" " ind2=" ">
<subfield code="a">BP174</subfield>
<subfield code="b">.S4</subfield>
</datafield>
<datafield tag="100" ind1="1" ind2=" ">
<subfield code="6">880-01</subfield>
<subfield code="a">Shaʻrānī, ʻAbd al-Wahhāb ibn Aḥmad,</subfield>
<subfield code="d">1493 (ca.)-1565 or 6.</subfield>
</datafield>
<datafield tag="245" ind1="1" ind2="0">
<subfield code="6">880-02</subfield>
<subfield code="a">Kitāb Kashf al-ḥijāb wa-al-rānn ʻan wajh asʼilat al-jānn /</subfield>
<subfield code="c">taʼlīf ʻAbd al-Wahhāb al-Shaʻrānī, Qāma bi-ṭabʻihi wa-nashrihi ʻalá nafaqatihi baʻda al-naskh wa-al-murajaʻah wa-al-taṣḥīḥ Muḥammad ʻAbd Allah ʻAbd al-Razzāq.</subfield>
</datafield>
<datafield tag="246" ind1="3" ind2="0">
<subfield code="6">880-03</subfield>
<subfield code="a">Kashf al-ḥijāb wa-al-rānn ʻan wajh asʼilat al-jānn</subfield>
</datafield>
<datafield tag="250" ind1=" " ind2=" ">
<subfield code="6">880-04</subfield>
<subfield code="a">al-Ṭabʻah 1.</subfield>
</datafield>
<datafield tag="260" ind1=" " ind2=" ">
<subfield code="6">880-05</subfield>
<subfield code="a">al-Qāhirah :</subfield>
<subfield code="b">[s.n.],</subfield>
<subfield code="c">[1357 i.e. 1938].</subfield>
</datafield>
<datafield tag="300" ind1=" " ind2=" ">
<subfield code="a">160 p. ;</subfield>
<subfield code="c">20 cm.</subfield>
</datafield>
<datafield tag="500" ind1=" " ind2=" ">
<subfield code="a">"Baʻḍu al-Qaṣāʼid al-latī iqtaṭaftuhā min kitābī ... dīyān al-Bustān fī madaʼiḥi Sayyīd walad ʻAdnān": p.133-154</subfield>
</datafield>
<datafield tag="650" ind1=" " ind2="0">
<subfield code="a">Islam</subfield>
<subfield code="x">Doctrines</subfield>
<subfield code="v">Early works to 1800.</subfield>
</datafield>
<datafield tag="650" ind1=" " ind2="0">
<subfield code="a">Jinn.</subfield>
</datafield>
<datafield tag="880" ind1="1" ind2=" ">
<subfield code="6">100-01/</subfield>
<subfield code="a">شعراني، عبد الوهاب بن أحمد.</subfield>
</datafield>
<datafield tag="880" ind1="1" ind2="0">
<subfield code="6">245-02/</subfield>
<subfield code="a">كتاب كشف الحجاب والران عن وجه أسئلة الجان /</subfield>
<subfield code="c">تأليف عبد الوهاب الشعراني، قام بطبعه ونشره على نفقته بعد النسخ والمراجعة والتصحيح محمد عبد الله عبد الرزاق.</subfield>
</datafield>
<datafield tag="880" ind1="3" ind2="0">
<subfield code="6">246-03/</subfield>
<subfield code="a">كشف الحجاب والران عن وجه أسئلة الجان</subfield>
</datafield>
<datafield tag="880" ind1=" " ind2=" ">
<subfield code="6">250-04/</subfield>
<subfield code="a">الطبعة 1.</subfield>
</datafield>
<datafield tag="880" ind1=" " ind2=" ">
<subfield code="6">260-05/</subfield>
<subfield code="a">القاهرة :</subfield>
<subfield code="b">[د.ن]،</subfield>
<subfield code="c">[1357 يعني 1938 ].</subfield>
</datafield>
<datafield tag="OWN" ind1=" " ind2=" ">
<subfield code="a">GENERAL</subfield>
</datafield>
<datafield tag="998" ind1=" " ind2=" ">
<subfield code="a">20010429</subfield>
<subfield code="d">20010429</subfield>
<subfield code="d">20010429</subfield>
<subfield code="n">NNU</subfield>
<subfield code="s">6</subfield>
<subfield code="t">c</subfield>
<subfield code="z">p</subfield>
</datafield>
<datafield tag="AVA" ind1=" " ind2=" ">
<subfield code="a">NYU50</subfield>
<subfield code="b">BOBST</subfield>
<subfield code="c">Main Collection</subfield>
<subfield code="d">BP174 .S4</subfield>
<subfield code="e">unavailable</subfield>
<subfield code="t">Unavailable</subfield>
<subfield code="f">1</subfield>
<subfield code="g">1</subfield>
<subfield code="h">N</subfield>
<subfield code="i">0</subfield>
<subfield code="j">MAIN</subfield>
<subfield code="k">0</subfield>
</datafield>
</record>
